% Only intro refs here for now please.
% Try also to keep in order. Graham

@article{Aad:2012tfa,
    author = "Aad, Georges and others",
    collaboration = "ATLAS",
    title = "{Observation of a new particle in the search for the standard model Higgs boson with the ATLAS detector at the LHC}",
    eprint = "1207.7214",
    archivePrefix = "arXiv",
    primaryClass = "hep-ex",
    reportNumber = "CERN-PH-EP-2012-218",
    doi = "10.1016/j.physletb.2012.08.020",
    journal = "Phys. Lett. B",
    volume = "716",
    pages = "1",
    year = "2012"
}

@article{Chatrchyan:2012ufa,
    author = "Chatrchyan, Serguei and others",
    collaboration = "CMS",
    title = "{Observation of a new boson at a mass of 125 GeV with the CMS experiment at the LHC}",
    eprint = "1207.7235",
    archivePrefix = "arXiv",
    primaryClass = "hep-ex",
    reportNumber = "CMS-HIG-12-028, CERN-PH-EP-2012-220",
    doi = "10.1016/j.physletb.2012.08.021",
    journal = "Phys. Lett. B",
    volume = "716",
    pages = "30",
    year = "2012"
}

@article{Zyla:2020zbs,
    author = "Zyla, P.A. and others",
    collaboration = "Particle Data Group",
    title = "{Review of Particle Physics}",
    doi = "10.1093/ptep/ptaa104",
    journal = "PTEP",
    volume = "2020",
    number = "8",
    pages = "083C01",
    year = "2020"
}

@article{Jungman:1995df,
    author = "Jungman, Gerard and Kamionkowski, Marc and Griest, Kim",
    title = "{Supersymmetric dark matter}",
    eprint = "hep-ph/9506380",
    archivePrefix = "arXiv",
    reportNumber = "SU-4240-605, UCSD-PTH-95-02, IASSNS-HEP-95-14, CU-TP-677",
    doi = "10.1016/0370-1573(95)00058-5",
    journal = "Phys. Rept.",
    volume = "267",
    pages = "195--373",
    year = "1996"
}

@article{Martin:1997ns,
    author = "Martin, Stephen P.",
    editor = "Kane, Gordon L.",
    title = "{A Supersymmetry Primer}",
    eprint = "hep-ph/9709356",
    archivePrefix = "arXiv",
    reportNumber = "FERMILAB-PUB-97-425-T",
    doi = "10.1142/9789812839657_0001",
    journal = "Adv. Ser. Direct. High Energy Phys.",
    volume = "21",
    pages = "1--153",
    year = "2010"
}

@book{Drees:2004jm,
    author = "Drees, M. and Godbole, R. and Roy, P.",
    title = "{Theory and phenomenology of sparticles: An account of four-dimensional N=1 supersymmetry in high energy physics}",
    publisher = "World Scientific Publishing",
    year = "2004"
}

@book{Baer:2006rs,
    author = "Baer, H. and Tata, X.",
    title = "{Weak scale supersymmetry: From superfields to scattering events}",
    isbn = "978-0-521-29031-9, 978-0-511-19011-7, 978-0-521-29031-9, 978-0-521-85786-4",
    publisher = "Cambridge University Press",
    year = "2006"
}

@article{Farrar:1978xj,
      author         = "Farrar, Glennys R. and Fayet, Pierre",
      title          = "Phenomenology of the production, decay, and detection of
                        new hadronic states associated with supersymmetry",
      journal        = "Phys. Lett. B",
      volume         = "76",
      year           = "1978",
      pages          = "575",
      doi            = "10.1016/0370-2693(78)90858-4",
      reportNumber   = "CALT-68-648",
      SLACcitation   = "%%CITATION = PHLTA,B76,575;%%"
}

@article{Draper:2016pys,
    author = "Draper, Patrick and Rzehak, Heidi",
    title = "{A Review of Higgs Mass Calculations in Supersymmetric Models}",
    eprint = "1601.01890",
    archivePrefix = "arXiv",
    primaryClass = "hep-ph",
    reportNumber = "DIAS-2016-1, FR-PHENO-2016-001, CP3-ORIGINS-2016-001-DNRF90",
    doi = "10.1016/j.physrep.2016.01.001",
    journal = "Phys. Rept.",
    volume = "619",
    pages = "1--24",
    year = "2016"
}

@article{Slavich:2020zjv,
    author = "Slavich, P. and others",
    title = "{Higgs-mass predictions in the MSSM and beyond}",
    eprint = "2012.15629",
    archivePrefix = "arXiv",
    primaryClass = "hep-ph",
    reportNumber = "DESY-20-229, IFT-UAM/CSIC-20-184, FR-PHENO-2020-021, KA-TP-23-2020,
  MPP-2020-235, P3H-20-086, TTK-20-53",
    month = "12",
    year = "2020"
}

@article{Han:2014kaa,
      author         = "Han, Zhenyu and Kribs, Graham D. and Martin, Adam and Menon, Arjun",
      title          = "{Hunting quasidegenerate Higgsinos}",
      journal        = "Phys. Rev. D",
      volume         = "89",
      year           = "2014",
      pages          = "075007",
      doi            = "10.1103/PhysRevD.89.075007",
      eprint         = "1401.1235",
      archivePrefix  = "arXiv",
      primaryClass   = "hep-ph",
      SLACcitation   = "%%CITATION = ARXIV:1401.1235;%%"
}

@article{Canepa:2020ntc,
    author = "Canepa, Anadi and Han, Tao and Wang, Xing",
    title = "{The Search for Electroweakinos}",
    eprint = "2003.05450",
    archivePrefix = "arXiv",
    primaryClass = "hep-ph",
    reportNumber = "FERMILAB-PUB-16-565-T; PITT-PACC-2001",
    doi = "10.1146/annurev-nucl-031020-121031",
    month = "3",
    year = "2020"
}

@article{Baer:2020sgm,
    author = "Baer, Howard and Barger, Vernon and Salam, Shadman and Sengupta, Dibyashree and Tata, Xerxes",
    title = "{The LHC higgsino discovery plane for present and future SUSY searches}",
    eprint = "2007.09252",
    archivePrefix = "arXiv",
    primaryClass = "hep-ph",
    reportNumber = "OU-HEP-200730",
    doi = "10.1016/j.physletb.2020.135777",
    journal = "Phys. Lett. B",
    volume = "810",
    pages = "135777",
    year = "2020"
}

@article{Berger:2008cq,
    author = "Berger, Carola F. and Gainer, James S. and Hewett, JoAnne L. and Rizzo, Thomas G.",
    title = "{Supersymmetry Without Prejudice}",
    eprint = "0812.0980",
    archivePrefix = "arXiv",
    primaryClass = "hep-ph",
    reportNumber = "MIT-CTP-3988, SLAC-PUB-13388",
    doi = "10.1088/1126-6708/2009/02/023",
    journal = "JHEP",
    volume = "02",
    pages = "023",
    year = "2009"
}

@article{Aad:2015baa,
    author = "Aad, Georges and others",
    collaboration = "ATLAS",
    title = "{Summary of the ATLAS experiment\textquoteright{}s sensitivity to supersymmetry after LHC Run 1 \textemdash{} interpreted in the phenomenological MSSM}",
    eprint = "1508.06608",
    archivePrefix = "arXiv",
    primaryClass = "hep-ex",
    reportNumber = "CERN-PH-EP-2015-214",
    doi = "10.1007/JHEP10(2015)134",
    journal = "JHEP",
    volume = "10",
    pages = "134",
    year = "2015"
}

@article{Khachatryan:2016nvf,
    author = "Khachatryan, Vardan and others",
    collaboration = "CMS",
    title = "{Phenomenological MSSM interpretation of CMS searches in pp collisions at sqrt(s) = 7 and 8 TeV}",
    eprint = "1606.03577",
    archivePrefix = "arXiv",
    primaryClass = "hep-ex",
    reportNumber = "CMS-SUS-15-010, CERN-EP-2016-094",
    doi = "10.1007/JHEP10(2016)129",
    journal = "JHEP",
    volume = "10",
    pages = "129",
    year = "2016"
}

@article{Moroi:1995yh,
    author = "Moroi, Takeo",
    title = "{The muon anomalous magnetic dipole moment in the minimal supersymmetric standard model}",
    eprint = "hep-ph/9512396",
    archivePrefix = "arXiv",
    reportNumber = "LBL-38099",
    doi = "10.1103/PhysRevD.53.6565",
    journal = "Phys. Rev. D",
    volume = "53",
    pages = "6565--6575",
    year = "1996",
    note = "[Erratum: Phys.Rev.D 56, 4424 (1997)]"
}

@article{Aoyama:2020ynm,
    author = "Aoyama, T. and others",
    title = "{The anomalous magnetic moment of the muon in the Standard Model}",
    eprint = "2006.04822",
    archivePrefix = "arXiv",
    primaryClass = "hep-ph",
    reportNumber = "FERMILAB-PUB-20-207-T, INT-PUB-20-021, KEK Preprint 2020-5,
  MITP/20-028, KEK Preprint 2020-5, MITP/20-028, CERN-TH-2020-075, IFT-UAM/CSIC-20-74, LMU-ASC 18/20, LTH 1234,
  LU TP 20-20, LTH 1234, LU TP 20-20, MAN/HEP/2020/003, PSI-PR-20-06, UWThPh 2020-14, ZU-TH 18/20",
    doi = "10.1016/j.physrep.2020.07.006",
    journal = "Phys. Rept.",
    volume = "887",
    pages = "1--166",
    year = "2020"
}





